@article{bariviera2013,
  author={Aurelio Fernandez Bariviera and Luciano Zunino and M Bel\'{o}n Guercio and Lisana B Martinez and Osvaldo A Rosso},
  title={Efficiency and credit ratings: a permutation-information-theory analysis},
  journal={Journal of Statistical Mechanics: Theory and Experiment},
  volume={2013},
  number={08},
  pages={P08007},
  url={http://stacks.iop.org/1742-5468/2013/i=08/a=P08007},
  year={2013}
 }	
 @article{gekelman2014,
  author={Walter Gekelman and Bart Van Compernolle and Tim DeHaas and Stephen Vincena},
  title={Chaos in magnetic flux ropes},
  journal={Plasma Physics and Controlled Fusion},
  volume={56},
  number={6},
  pages={064002},
  url={http://stacks.iop.org/0741-3335/56/i=6/a=064002},
  year={2014}
  } 
  @article{lopez1995,
title = "A statistical measure of complexity ",
journal = "Physics Letters A ",
volume = "209",
number = "5–6",
pages = "321 - 326",
year = "1995",
note = "",
issn = "0375-9601",
doi = "http://dx.doi.org/10.1016/0375-9601(95)00867-5",
url = "http://www.sciencedirect.com/science/article/pii/0375960195008675",
author = "R. L{\'o}pez-Ruiz and H.L. Mancini and X. Calbet"
}
  @article{amigo2008,
  author={J. M. Amig{\'o} and S. Zambrano and M. A. F. Sanju{\'a}n},
  title={Combinatorial detection of determinism in noisy time series},
  journal={EPL (Europhysics Letters)},
  volume={83},
  number={6},
  pages={60005},
  url={http://stacks.iop.org/0295-5075/83/i=6/a=60005},
  year={2008}
}
@article{calbet2001,
  title = {Tendency towards maximum complexity in a nonequilibrium isolated system},
  author = {Calbet, Xavier and L{\'o}pez-Ruiz, Ricardo},
  journal = {Phys. Rev. E},
  volume = {63},
  issue = {6},
  pages = {066116},
  numpages = {9},
  year = {2001},
  month = {May},
  publisher = {American Physical Society},
  doi = {10.1103/PhysRevE.63.066116},
  url = {http://link.aps.org/doi/10.1103/PhysRevE.63.066116}
}
@article{jordan2008,
	Author = {Jordan, Denis and Stockmanns, Gudrun and Kochs, Eberhard F. and Pilge, Stefanie and Schneider, Gerhard},
	Date-Added = {2014-06-27 14:09:25 +0000},
	Date-Modified = {2014-06-27 14:09:25 +0000},
	Id = {00000542-200812000-00015},
	Isbn = {0003-3022},
	Journal = {Anesthesiology},
	Number = {6},
	Title = {Electroencephalographic Order Pattern Analysis for the Separation of Consciousness and Unconsciousness: An Analysis of Approximate Entropy, Permutation Entropy, Recurrence Rate, and Phase Coupling of Order Recurrence Plots},
	Ty = {JOUR},
	Url = {http://journals.lww.com/anesthesiology/Fulltext/2008/12000/Electroencephalographic_Order_Pattern_Analysis_for.15.aspx},
	Volume = {109},
	Year = {2008}
}
@article{suyal2012,
year={2012},
issn={0038-0938},
journal={Solar Physics},
volume={276},
number={1-2},
doi={10.1007/s11207-011-9889-0},
title={Hysteresis in a Solar Activity Cycle},
url={http://dx.doi.org/10.1007/s11207-011-9889-0},
publisher={Springer Netherlands},
keywords={Permutation entropy; Solar activity cycle; Solar wind velocity},
author={Suyal, Vinita and Prasad, Awadhesh and Singh, HarinderP.},
pages={407-414},
language={English}
}
@Article{sun2010,
AUTHOR = {Sun, Xiaoliang and Zou, Yong and Nikiforova, Victoria and Kurths, Jurgen and Walther, Dirk},
TITLE = {The complexity of gene expression dynamics revealed by permutation entropy},
JOURNAL = {BMC Bioinformatics},
VOLUME = {11},
YEAR = {2010},
NUMBER = {1},
PAGES = {607},
URL = {http://www.biomedcentral.com/1471-2105/11/607},
DOI = {10.1186/1471-2105-11-607},
PubMedID = {21176199},
ISSN = {1471-2105}
}
@article{saco2010,
title = "Entropy analysis of the dynamics of El Ni{\~n}o/Southern Oscillation during the Holocene ",
journal = "Physica A: Statistical Mechanics and its Applications ",
volume = "389",
number = "21",
pages = "5022 - 5027",
year = "2010",
note = "",
issn = "0378-4371",
doi = "http://dx.doi.org/10.1016/j.physa.2010.07.006",
url = "http://www.sciencedirect.com/science/article/pii/S0378437110006151",
author = "Patricia M. Saco and Laura C. Carpi and Alejandra Figliola and Eduardo Serrano and Osvaldo A. Rosso",
keywords = "Entropy",
keywords = "Time series analysis",
keywords = "Probability distribution",
keywords = "\{ENSO\} dynamics "
}
@article{olofsen2008,
author = {Olofsen, E. and Sleigh, J. W. and Dahan, A.}, 
title = {Permutation entropy of the electroencephalogram: a measure of anaesthetic drug effect},
volume = {101}, 
number = {6}, 
pages = {810-821}, 
year = {2008}, 
doi = {10.1093/bja/aen290},  
URL = {http://bja.oxfordjournals.org/content/101/6/810.abstract}, 
eprint = {http://bja.oxfordjournals.org/content/101/6/810.full.pdf+html}, 
journal = {British Journal of Anaesthesia} 
}
  @article{zhang2011,
   author = {Zhang, X. and Dandurand, D. and Gray, T. and Brown, M. R. and Lukin, V. S.},
   title = {Calibrated cylindrical Mach probe in a plasma wind tunnel},
   journal = {Review of Scientific Instruments},
   year = {2011},
   volume = {82},
   number = {3}, 
   eid = 033510,
   pages = {-},
   url = {http://scitation.aip.org/content/aip/journal/rsi/82/3/10.1063/1.3559550},
   doi = {http://dx.doi.org/10.1063/1.3559550}
}
  @article{schaffner2014,
   author = {D.A. Schaffner, V.S. Lukin, A. Wan, M.R. Brown},
   title = {Turbulence analysis of an experimental flux rope plasma},
   journal = {Plasma Physics and 
Controlled Fusion},
   year = {2014},
   volume = {56},
   pages = {20},
   url = {http://arxiv.org/pdf/1310.2228v1.pdf},
   doi = {10.1088/0741-3335/56/6/064003}
}
  @article{gray2013,
  title = {Observation of a Relaxed Plasma State in a Quasi-Infinite Cylinder},
  author = {Gray, T. and Brown, M. R. and Dandurand, D.},
  journal = {Phys. Rev. Lett.},
  volume = {110},
  issue = {8},
  pages = {085002},
  numpages = {4},
  year = {2013},
  month = {Feb},
  publisher = {American Physical Society},
  doi = {10.1103/PhysRevLett.110.085002},
  url = {http://link.aps.org/doi/10.1103/PhysRevLett.110.085002}
}
  @article{li2010,
  author={Duan Li and Xiaoli Li and Zhenhu Liang and Logan J Voss and Jamie W Sleigh},
  title={Multiscale permutation entropy analysis of EEG recordings during sevoflurane anesthesia},
  journal={Journal of Neural Engineering},
  volume={7},
  number={4},
  pages={046010},
  url={http://stacks.iop.org/1741-2552/7/i=4/a=046010},
  year={2010}
}
@article{schaffner2014,
  title = {Observation of Turbulent Intermittency Scaling with Magnetic Helicity in an MHD Plasma Wind Tunnel},
  author = {Schaffner, D.\,A. and Wan, A. and Brown, M.\,R.},
  journal = {Phys. Rev. Lett.},
  volume = {112},
  issue = {16},
  pages = {165001},
  numpages = {5},
  year = {2014},
  month = {Apr},
  publisher = {American Physical Society},
  doi = {10.1103/PhysRevLett.112.165001},
  url = {http://link.aps.org/doi/10.1103/PhysRevLett.112.165001}
}
@article{lamberti2004,
title = "Intensive entropic non-triviality measure ",
journal = "Physica A: Statistical Mechanics and its Applications ",
volume = "334",
number = "1–2",
pages = "119 - 131",
year = "2004",
note = "",
issn = "0378-4371",
doi = "http://dx.doi.org/10.1016/j.physa.2003.11.005",
url = "http://www.sciencedirect.com/science/article/pii/S0378437103010963",
author = "P.W Lamberti and M.T Martin and A Plastino and O.A Rosso"
}
@article{maggs2012,
  author={J E Maggs and G J Morales},
  title={Exponential power spectra, deterministic chaos and Lorentzian pulses in plasma edge dynamics},
  journal={Plasma Physics and Controlled Fusion},
  volume={54},
  number={12},
  pages={124041},
  url={http://stacks.iop.org/0741-3335/54/i=12/a=124041},
  year={2012}
}	
  @article{rosso2007,
  title = {Distinguishing Noise from Chaos},
  author = {Rosso, O. A. and Larrondo, H. A. and Martin, M. T. and Plastino, A. and Fuentes, M. A.},
  journal = {Phys. Rev. Lett.},
  volume = {99},
  issue = {15},
  pages = {154102},
  numpages = {4},
  year = {2007},
  month = {Oct},
  publisher = {American Physical Society},
  doi = {10.1103/PhysRevLett.99.154102},
  url = {http://link.aps.org/doi/10.1103/PhysRevLett.99.154102}
}
@article{bandt2005,
title = "Ordinal time series analysis ",
journal = "Ecological Modelling ",
volume = "182",
number = "3–4",
pages = "229 - 238",
year = "2005",
note = "Scaling, fractals and diversity in soils and ecohydrology ",
issn = "0304-3800",
doi = "http://dx.doi.org/10.1016/j.ecolmodel.2004.04.003",
url = "http://www.sciencedirect.com/science/article/pii/S0304380004001607",
author = "Christoph Bandt",
keywords = "Time series",
keywords = "Kendall’s tau",
keywords = "Autocorrelation "
}
@Article{zanin2012,
AUTHOR = {Zanin, Massimiliano and Zunino, Luciano and Rosso, Osvaldo A. and Papo, David},
TITLE = {Permutation Entropy and Its Main Biomedical and Econophysics Applications: A Review},
JOURNAL = {Entropy},
VOLUME = {14},
YEAR = {2012},
NUMBER = {8},
PAGES = {1553--1577},
URL = {http://www.mdpi.com/1099-4300/14/8/1553},
ISSN = {1099-4300},
DOI = {10.3390/e14081553}
}
@article{maggs2013,
  author={J E Maggs and G J Morales},
  title={Permutation entropy analysis of temperature fluctuations from a basic electron heat transport experiment},
  journal={Plasma Physics and Controlled Fusion},
  volume={55},
  number={8},
  pages={085015},
  url={http://stacks.iop.org/0741-3335/55/i=8/a=085015},
  year={2013}
  }
@article{riedl2013,
year={2013},
issn={1951-6355},
journal={The European Physical Journal Special Topics},
volume={222},
number={2},
doi={10.1140/epjst/e2013-01862-7},
title={Practical considerations of permutation entropy},
url={http://dx.doi.org/10.1140/epjst/e2013-01862-7},
publisher={Springer Berlin Heidelberg},
author={Riedl, M. and M{\"u}ller, A. and Wessel, N.},
pages={249-262},
language={English}
}
@article{zunino2012,
  title = {Distinguishing chaotic and stochastic dynamics from time series by using a multiscale symbolic approach},
  author = {Zunino, L. and Soriano, M. C. and Rosso, O. A.},
  journal = {Phys. Rev. E},
  volume = {86},
  issue = {4},
  pages = {046210},
  numpages = {10},
  year = {2012},
  month = {Oct},
  publisher = {American Physical Society},
  doi = {10.1103/PhysRevE.86.046210},
  url = {http://link.aps.org/doi/10.1103/PhysRevE.86.046210}
}
@article{zunino2010,
title = "Complexity-entropy causality plane: A useful approach to quantify the stock market inefficiency ",
journal = "Physica A: Statistical Mechanics and its Applications ",
volume = "389",
number = "9",
pages = "1891 - 1901",
year = "2010",
note = "",
issn = "0378-4371",
doi = "http://dx.doi.org/10.1016/j.physa.2010.01.007",
url = "http://www.sciencedirect.com/science/article/pii/S0378437110000397",
author = "Luciano Zunino and Massimiliano Zanin and Benjamin M. Tabak and Darío G. Pérez and Osvaldo A. Rosso",
keywords = "Complexity-entropy causality plane",
keywords = "Bandt and Pompe method",
keywords = "Stock market inefficiency "
}
@article{Zunino2011,
title = "Commodity predictability analysis with a permutation information theory approach ",
journal = "Physica A: Statistical Mechanics and its Applications ",
volume = "390",
number = "5",
pages = "876 - 890",
year = "2011",
note = "",
issn = "0378-4371",
doi = "http://dx.doi.org/10.1016/j.physa.2010.11.020",
url = "http://www.sciencedirect.com/science/article/pii/S0378437110009842",
author = "Luciano Zunino and Benjamin M. Tabak and Francesco Serinaldi and Massimiliano Zanin and Darío G. Pérez and Osvaldo A. Rosso",
keywords = "Commodity efficiency",
keywords = "Complexity–entropy causality plane",
keywords = "Permutation entropy",
keywords = "Permutation statistical complexity",
keywords = "Bandt and Pompe method",
keywords = "Ordinal time series analysis "
}
@ARTICLE{soriano2011, 
author={Soriano, M.C. and Zunino, L. and Rosso, O.A. and Fischer, Ingo and Mirasso, C.R.}, 
journal={Quantum Electronics, IEEE Journal of}, 
title={Time Scales of a Chaotic Semiconductor Laser With Optical Feedback Under the Lens of a Permutation Information Analysis}, 
year={2011}, 
month={Feb}, 
volume={47}, 
number={2}, 
pages={252-261}, 
keywords={entropy;laser feedback;semiconductor lasers;statistical analysis;time series;chaotic semiconductor laser;delay optical feedback;permutation entropy;permutation information analysis;permutation statistical complexity;time series;Complexity theory;Delay;Delay effects;Entropy;Laser feedback;Time series analysis;Chaos;optical feedback;permutation entropy;permutation statistical complexity;semiconductor lasers;time scale identification}, 
doi={10.1109/JQE.2010.2078799}, 
ISSN={0018-9197}
}
@article{kowalski2007,
title = "Bandt-Pompe approach to the classical-quantum transition ",
journal = "Physica D: Nonlinear Phenomena ",
volume = "233",
number = "1",
pages = "21 - 31",
year = "2007",
note = "",
issn = "0167-2789",
doi = "http://dx.doi.org/10.1016/j.physd.2007.06.015",
url = "http://www.sciencedirect.com/science/article/pii/S0167278907001790",
author = "A.M. Kowalski and M.T. Mart{\'i}n and A. Plastino and O.A. Rosso",
keywords = "Semiclassical theories",
keywords = "Quantum chaos",
keywords = "Entropy",
keywords = "Statistical complexity "
}
@article{feldman1998,
title = "Measures of statistical complexity: Why? ",
journal = "Physics Letters A ",
volume = "238",
number = "4–5",
pages = "244 - 252",
year = "1998",
note = "",
issn = "0375-9601",
doi = "http://dx.doi.org/10.1016/S0375-9601(97)00855-4",
url = "http://www.sciencedirect.com/science/article/pii/S0375960197008554",
author = "David P Feldman and James P Crutchfield"
}
@article{bandt2002,
  title = {Permutation Entropy: A Natural Complexity Measure for Time Series},
  author = {Bandt, Christoph and Pompe, Bernd},
  journal = {Phys. Rev. Lett.},
  volume = {88},
  issue = {17},
  pages = {174102},
  numpages = {4},
  year = {2002},
  month = {Apr},
  publisher = {American Physical Society},
  doi = {10.1103/PhysRevLett.88.174102},
  url = {http://link.aps.org/doi/10.1103/PhysRevLett.88.174102}
}
@article{torrence1998,
  author={Torrence, C. and Compo, G.P.},
  journal={Bull. Am. Meteorol. Soc.},
  volume={79},
  pages={6178},
  year={1998}
}
@article{schaffner2012,
  author={D.A. Schaffner, T.A. Carter, G.D. Rossi, D.S. Guice, J.E. Maggs, S. Vincena, and B. Friedman},
  journal={Phys. Rev. Lett.},
  volume={109},
  pages={135002},
  year={2012}
}

